<record><leader>00000cas a22000007a 4500</leader><controlfield tag="001">10317599</controlfield><controlfield tag="008">840119d19131924mtuwr ne      0    0eng d</controlfield><datafield ind1=" " ind2=" " tag="010"><subfield code="a">sn 84036014 </subfield></datafield><datafield ind1=" " ind2=" " tag="040"><subfield code="a">MTL</subfield><subfield code="b">eng</subfield><subfield code="c">MTL</subfield><subfield code="d">OCLCQ</subfield></datafield><datafield ind1=" " ind2=" " tag="042"><subfield code="a">msc</subfield></datafield><datafield ind1="0" ind2="0" tag="245"><subfield code="a">Antelope independent.</subfield></datafield><datafield ind1=" " ind2=" " tag="260"><subfield code="a">Antelope, Mont. :</subfield><subfield code="b">Kencke &amp; Bowler,</subfield><subfield code="c">-1924.</subfield></datafield><datafield ind1=" " ind2=" " tag="300"><subfield code="a">12 v. :</subfield><subfield code="b">ill.</subfield></datafield><datafield ind1=" " ind2=" " tag="310"><subfield code="a">Weekly</subfield></datafield><datafield ind1="0" ind2=" " tag="362"><subfield code="a">-v. 12, no. 26 (Nov. 7, 1924).</subfield></datafield><datafield ind1="1" ind2=" " tag="362"><subfield code="a">Began in 1913.</subfield><subfield code="z">Cf. Gregory, W. Amer. newspapers.</subfield></datafield><datafield ind1=" " ind2=" " tag="500"><subfield code="a">Publisher varies.</subfield></datafield><datafield ind1=" " ind2=" " tag="530"><subfield code="a">Available on microfilm from Micro Photo Division, Bell and Howell.</subfield></datafield><datafield ind1=" " ind2=" " tag="588"><subfield code="a">Description based on: Vol. 5, no. 12 (July 19, 1918).</subfield></datafield><datafield ind1=" " ind2=" " tag="752"><subfield code="a">United States</subfield><subfield code="b">Montana</subfield><subfield code="c">Sheridan</subfield><subfield code="d">Antelope.</subfield></datafield><datafield ind1="0" ind2="4" tag="785"><subfield code="t">Producers news (Plentywood, Mont.)</subfield></datafield></record>